@article{Arsene:2004fa,
      author         = "Arsene, I. and others",
      title          = "{Quark gluon plasma and color glass condensate at RHIC?
                        The Perspective from the BRAHMS experiment}",
      collaboration  = "BRAHMS Collaboration",
      journal        = "Nucl.Phys.",
      volume         = "A757",
      pages          = "1-27",
      doi            = "10.1016/j.nuclphysa.2005.02.130",
      year           = "2005",
      eprint         = "nucl-ex/0410020",
      archivePrefix  = "arXiv",
      primaryClass   = "nucl-ex",
      SLACcitation   = "%%CITATION = NUCL-EX/0410020;%%",
}

@article{Adcox:2004mh,
      author         = "Adcox, K. and others",
      title          = "{Formation of dense partonic matter in relativistic
                        nucleus-nucleus collisions at RHIC: Experimental
                        evaluation by the PHENIX collaboration}",
      collaboration  = "PHENIX Collaboration",
      journal        = "Nucl.Phys.",
      volume         = "A757",
      pages          = "184-283",
      doi            = "10.1016/j.nuclphysa.2005.03.086",
      year           = "2005",
      eprint         = "nucl-ex/0410003",
      archivePrefix  = "arXiv",
      primaryClass   = "nucl-ex",
      SLACcitation   = "%%CITATION = NUCL-EX/0410003;%%",
}

@article{Back:2004je,
      author         = "Back, B.B. and Baker, M.D. and Ballintijn, M. and Barton,
                        D.S. and Becker, B. and others",
      title          = "{The PHOBOS perspective on discoveries at RHIC}",
      journal        = "Nucl.Phys.",
      volume         = "A757",
      pages          = "28-101",
      doi            = "10.1016/j.nuclphysa.2005.03.084",
      year           = "2005",
      eprint         = "nucl-ex/0410022",
      archivePrefix  = "arXiv",
      primaryClass   = "nucl-ex",
      SLACcitation   = "%%CITATION = NUCL-EX/0410022;%%",
}

@article{Adams:2005dq,
      author         = "Adams, John and others",
      title          = "{Experimental and theoretical challenges in the search
                        for the quark gluon plasma: The STAR Collaboration's
                        critical assessment of the evidence from RHIC collisions}",
      collaboration  = "STAR Collaboration",
      journal        = "Nucl.Phys.",
      volume         = "A757",
      pages          = "102-183",
      doi            = "10.1016/j.nuclphysa.2005.03.085",
      year           = "2005",
      eprint         = "nucl-ex/0501009",
      archivePrefix  = "arXiv",
      primaryClass   = "nucl-ex",
      SLACcitation   = "%%CITATION = NUCL-EX/0501009;%%",
}

@article{Gyulassy:2004zy,
      author         = "Gyulassy, Miklos and McLerran, Larry",
      title          = "{New forms of QCD matter discovered at RHIC}",
      journal        = "Nucl.Phys.",
      volume         = "A750",
      pages          = "30-63",
      doi            = "10.1016/j.nuclphysa.2004.10.034",
      year           = "2005",
      eprint         = "nucl-th/0405013",
      archivePrefix  = "arXiv",
      primaryClass   = "nucl-th",
      SLACcitation   = "%%CITATION = NUCL-TH/0405013;%%",
}

@article{Muller:2006ee,
      author         = "Muller, Berndt and Nagle, James L.",
      title          = "{Results from the relativistic heavy ion collider}",
      journal        = "Ann.Rev.Nucl.Part.Sci.",
      volume         = "56",
      pages          = "93-135",
      doi            = "10.1146/annurev.nucl.56.080805.140556",
      year           = "2006",
      eprint         = "nucl-th/0602029",
      archivePrefix  = "arXiv",
      primaryClass   = "nucl-th",
      SLACcitation   = "%%CITATION = NUCL-TH/0602029;%%",
}

@article{Muller:2012zq,
      author         = "Muller, Berndt and Schukraft, Jurgen and Wyslouch,
                        Boleslaw",
      title          = "{First Results from Pb+Pb collisions at the LHC}",
      journal        = "Ann.Rev.Nucl.Part.Sci.",
      volume         = "62",
      pages          = "361-386",
      doi            = "10.1146/annurev-nucl-102711-094910",
      year           = "2012",
      eprint         = "1202.3233",
      archivePrefix  = "arXiv",
      primaryClass   = "hep-ex",
      reportNumber   = "CERN-OPEN-2012-005",
      SLACcitation   = "%%CITATION = ARXIV:1202.3233;%%",
}

@article{Kovtun:2004de,
      author         = "Kovtun, P. and Son, Dan T. and Starinets, Andrei O.",
      title          = "{Viscosity in strongly interacting quantum field theories
                        from black hole physics}",
      journal        = "Phys.Rev.Lett.",
      volume         = "94",
      pages          = "111601",
      doi            = "10.1103/PhysRevLett.94.111601",
      year           = "2005",
      eprint         = "hep-th/0405231",
      archivePrefix  = "arXiv",
      primaryClass   = "hep-th",
      reportNumber   = "INT-PUB-04-09, UW-PT-04-04",
      SLACcitation   = "%%CITATION = HEP-TH/0405231;%%",
}

@article{Luzum:2008cw,
      author         = "Luzum, Matthew and Romatschke, Paul",
      title          = "{Conformal Relativistic Viscous Hydrodynamics:
                        Applications to RHIC results at s(NN)**(1/2) = 200-GeV}",
      journal        = "Phys.Rev.",
      volume         = "C78",
      pages          = "034915",
      doi            = "10.1103/PhysRevC.78.034915 10.1103/PhysRevC.79.039903,
                        10.1103/PhysRevC.78.034915, 10.1103/PhysRevC.79.039903",
      year           = "2008",
      eprint         = "0804.4015",
      archivePrefix  = "arXiv",
      primaryClass   = "nucl-th",
      reportNumber   = "INT-08-07, NT-UW-08-10",
      SLACcitation   = "%%CITATION = ARXIV:0804.4015;%%",
}

@article{Song:2010mg,
      author         = "Song, Huichao and Bass, Steffen A. and Heinz, Ulrich and
                        Hirano, Tetsufumi and Shen, Chun",
      title          = "{200 A GeV Au+Au collisions serve a nearly perfect
                        quark-gluon liquid}",
      journal        = "Phys.Rev.Lett.",
      volume         = "106",
      pages          = "192301",
      doi            = "10.1103/PhysRevLett.106.192301,
                        10.1103/PhysRevLett.109.139904",
      year           = "2011",
      eprint         = "1011.2783",
      archivePrefix  = "arXiv",
      primaryClass   = "nucl-th",
      SLACcitation   = "%%CITATION = ARXIV:1011.2783;%%",
}

@article{Schenke:2010rr,
      author         = "Schenke, Bjorn and Jeon, Sangyong and Gale, Charles",
      title          = "{Elliptic and triangular flow in event-by-event (3+1)D
                        viscous hydrodynamics}",
      journal        = "Phys.Rev.Lett.",
      volume         = "106",
      pages          = "042301",
      doi            = "10.1103/PhysRevLett.106.042301",
      year           = "2011",
      eprint         = "1009.3244",
      archivePrefix  = "arXiv",
      primaryClass   = "hep-ph",
      SLACcitation   = "%%CITATION = ARXIV:1009.3244;%%",
}

@article{Luzum:2012wu,
      author         = "Luzum, Matthew and Ollitrault, Jean-Yves",
      title          = "{Extracting the shear viscosity of the quark-gluon plasma
                        from flow in ultra-central heavy-ion collisions}",
      journal        = "Nucl.Phys.",
      volume         = "A904-905",
      pages          = "377c-380c",
      doi            = "10.1016/j.nuclphysa.2013.02.028",
      year           = "2013",
      eprint         = "1210.6010",
      archivePrefix  = "arXiv",
      primaryClass   = "nucl-th",
      SLACcitation   = "%%CITATION = ARXIV:1210.6010;%%",
}

@article{Soltz:2012rk,
      author         = "Soltz, R.A. and Garishvili, I. and Cheng, M. and Abelev,
                        B. and Glenn, A. and others",
      title          = "{Constraining the initial temperature and shear viscosity
                        in a hybrid hydrodynamic model of $\sqrt{s_{NN}}$=200 GeV
                        Au+Au collisions using pion spectra, elliptic flow, and
                        femtoscopic radii}",
      journal        = "Phys.Rev.",
      number         = "issue",
      volume         = "C87",
      pages          = "044901",
      doi            = "10.1103/PhysRevC.87.044901",
      year           = "2013",
      eprint         = "1208.0897",
      archivePrefix  = "arXiv",
      primaryClass   = "nucl-th",
      SLACcitation   = "%%CITATION = ARXIV:1208.0897;%%",
}

@article{Novak:2013bqa,
      author         = "Novak, John and Novak, Kevin and Pratt, Scott and
                        Vredevoogd, Joshua and Coleman-Smith, Chris and others",
      title          = "{Determining Fundamental Properties of Matter Created in
                        Ultrarelativistic Heavy-Ion Collisions}",
      journal        = "Phys.Rev.",
      volume         = "C89",
      pages          = "034917",
      doi            = "10.1103/PhysRevC.89.034917",
      year           = "2014",
      eprint         = "1303.5769",
      archivePrefix  = "arXiv",
      primaryClass   = "nucl-th",
      SLACcitation   = "%%CITATION = ARXIV:1303.5769;%%",
}

@article{Pratt:2014cza,
      author         = "Pratt, Scott and Ratti, Claudia and McCormack, William
                        Patrick",
      title          = "{Chemical properties of super-hadronic matter created in
                        relativistic heavy ion collisions}",
      year           = "2014",
      eprint         = "1409.2164",
      archivePrefix  = "arXiv",
      primaryClass   = "nucl-th",
      SLACcitation   = "%%CITATION = ARXIV:1409.2164;%%",
}

@article{Pratt:2015zsa,
      author         = "Pratt, Scott and Sangaline, Evan and Sorensen, Paul and
                        Wang, Hui",
      title          = "{Constraining the Eq. of State of Super-Hadronic Matter
                        from Heavy-Ion Collisions}",
      year           = "2015",
      eprint         = "1501.04042",
      archivePrefix  = "arXiv",
      primaryClass   = "nucl-th",
      SLACcitation   = "%%CITATION = ARXIV:1501.04042;%%",
}

@article{Gomez:2012ak,
      author         = "Gomez, Facundo A. and Coleman-Smith, Christopher E. and
                        O'Shea, Brian W. and Tumlinson, Jason and Wolpert,
                        Robert.L.",
      title          = "{Characterizing the formation history of Milky Way-like
                        stellar haloes with model emulators}",
      journal        = "Astrophys.J.",
      volume         = "760",
      pages          = "112",
      doi            = "10.1088/0004-637X/760/2/112",
      year           = "2012",
      eprint         = "1209.2142",
      archivePrefix  = "arXiv",
      primaryClass   = "astro-ph.GA",
      SLACcitation   = "%%CITATION = ARXIV:1209.2142;%%",
}

@article{Bass:2000ib,
      author         = "Bass, S.A. and Dumitru, A.",
      title          = "{Dynamics of hot bulk QCD matter: From the quark gluon
                        plasma to hadronic freezeout}",
      journal        = "Phys.Rev.",
      volume         = "C61",
      pages          = "064909",
      doi            = "10.1103/PhysRevC.61.064909",
      year           = "2000",
      eprint         = "nucl-th/0001033",
      archivePrefix  = "arXiv",
      primaryClass   = "nucl-th",
      SLACcitation   = "%%CITATION = NUCL-TH/0001033;%%",
}

@article{Teaney:2001av,
      author         = "Teaney, D. and Lauret, J. and Shuryak, E.V.",
      title          = "{A Hydrodynamic description of heavy ion collisions at
                        the SPS and RHIC}",
      year           = "2001",
      eprint         = "nucl-th/0110037",
      archivePrefix  = "arXiv",
      primaryClass   = "nucl-th",
      SLACcitation   = "%%CITATION = NUCL-TH/0110037;%%",
}

@article{Hirano:2005xf,
      author         = "Hirano, Tetsufumi and Heinz, Ulrich W. and Kharzeev,
                        Dmitri and Lacey, Roy and Nara, Yasushi",
      title          = "{Hadronic dissipative effects on elliptic flow in
                        ultrarelativistic heavy-ion collisions}",
      journal        = "Phys.Lett.",
      volume         = "B636",
      pages          = "299-304",
      doi            = "10.1016/j.physletb.2006.03.060",
      year           = "2006",
      eprint         = "nucl-th/0511046",
      archivePrefix  = "arXiv",
      primaryClass   = "nucl-th",
      SLACcitation   = "%%CITATION = NUCL-TH/0511046;%%",
}

@article{Nonaka:2006yn,
      author         = "Nonaka, Chiho and Bass, Steffen A.",
      title          = "{Space-time evolution of bulk QCD matter}",
      journal        = "Phys.Rev.",
      volume         = "C75",
      pages          = "014902",
      doi            = "10.1103/PhysRevC.75.014902",
      year           = "2007",
      eprint         = "nucl-th/0607018",
      archivePrefix  = "arXiv",
      primaryClass   = "nucl-th",
      SLACcitation   = "%%CITATION = NUCL-TH/0607018;%%",
}

@article{Petersen:2008dd,
      author         = "Petersen, Hannah and Steinheimer, Jan and Burau, Gerhard
                        and Bleicher, Marcus and Stocker, Horst",
      title          = "{A Fully Integrated Transport Approach to Heavy Ion
                        Reactions with an Intermediate Hydrodynamic Stage}",
      journal        = "Phys.Rev.",
      volume         = "C78",
      pages          = "044901",
      doi            = "10.1103/PhysRevC.78.044901",
      year           = "2008",
      eprint         = "0806.1695",
      archivePrefix  = "arXiv",
      primaryClass   = "nucl-th",
      SLACcitation   = "%%CITATION = ARXIV:0806.1695;%%",
}

@article{Huovinen:2009yb,
      author         = "Huovinen, Pasi and Petreczky, Pter",
      title          = "{QCD Equation of State and Hadron Resonance Gas}",
      journal        = "Nucl.Phys.",
      volume         = "A837",
      pages          = "26-53",
      doi            = "10.1016/j.nuclphysa.2010.02.015",
      year           = "2010",
      eprint         = "0912.2541",
      archivePrefix  = "arXiv",
      primaryClass   = "hep-ph",
      SLACcitation   = "%%CITATION = ARXIV:0912.2541;%%",
}

@article{Miller:2007ri,
      author         = "Miller, Michael L. and Reygers, Klaus and Sanders,
                        Stephen J. and Steinberg, Peter",
      title          = "{Glauber modeling in high energy nuclear collisions}",
      journal        = "Ann.Rev.Nucl.Part.Sci.",
      volume         = "57",
      pages          = "205-243",
      doi            = "10.1146/annurev.nucl.57.090506.123020",
      year           = "2007",
      eprint         = "nucl-ex/0701025",
      archivePrefix  = "arXiv",
      primaryClass   = "nucl-ex",
      SLACcitation   = "%%CITATION = NUCL-EX/0701025;%%",
}

@article{Drescher:2006pi,
      author         = "Drescher, Hans-Joachim and Dumitru, Adrian and
                        Hayashigaki, Arata and Nara, Yasushi",
      title          = "{The Eccentricity in heavy-ion collisions from color
                        glass condensate initial conditions}",
      journal        = "Phys.Rev.",
      volume         = "C74",
      pages          = "044905",
      doi            = "10.1103/PhysRevC.74.044905",
      year           = "2006",
      eprint         = "nucl-th/0605012",
      archivePrefix  = "arXiv",
      primaryClass   = "nucl-th",
      SLACcitation   = "%%CITATION = NUCL-TH/0605012;%%",
}

@article{Schenke:2012wb,
      author         = "Schenke, Bjoern and Tribedy, Prithwish and Venugopalan,
                        Raju",
      title          = "{Fluctuating Glasma initial conditions and flow in heavy
                        ion collisions}",
      journal        = "Phys.Rev.Lett.",
      volume         = "108",
      pages          = "252301",
      doi            = "10.1103/PhysRevLett.108.252301",
      year           = "2012",
      eprint         = "1202.6646",
      archivePrefix  = "arXiv",
      primaryClass   = "nucl-th",
      SLACcitation   = "%%CITATION = ARXIV:1202.6646;%%",
}

@article{Song:2007ux,
      author         = "Song, Huichao and Heinz, Ulrich W.",
      title          = "{Causal viscous hydrodynamics in 2+1 dimensions for
                        relativistic heavy-ion collisions}",
      journal        = "Phys.Rev.",
      volume         = "C77",
      pages          = "064901",
      doi            = "10.1103/PhysRevC.77.064901",
      year           = "2008",
      eprint         = "0712.3715",
      archivePrefix  = "arXiv",
      primaryClass   = "nucl-th",
      reportNumber   = "CERN-PH-TH-2007-269",
      SLACcitation   = "%%CITATION = ARXIV:0712.3715;%%",
}

@article{Cooper:1974mv,
      author         = "Cooper, Fred and Frye, Graham",
      title          = "{Comment on the Single Particle Distribution in the
                        Hydrodynamic and Statistical Thermodynamic Models of
                        Multiparticle Production}",
      journal        = "Phys.Rev.",
      volume         = "D10",
      pages          = "186",
      doi            = "10.1103/PhysRevD.10.186",
      year           = "1974",
      reportNumber   = "Print-74-0742 (YESHIVA)",
      SLACcitation   = "%%CITATION = PHRVA,D10,186;%%",
}

@article{Qiu:2013wca,
      author         = "Qiu, Zhi",
      title          = "{Event-by-event Hydrodynamic Simulations for Relativistic
                        Heavy-ion Collisions}",
      year           = "2013",
      eprint         = "1308.2182",
      archivePrefix  = "arXiv",
      primaryClass   = "nucl-th",
      SLACcitation   = "%%CITATION = ARXIV:1308.2182;%%",
}

@article{Bass:1998ca,
      author         = "Bass, S.A. and Belkacem, M. and Bleicher, M. and
                        Brandstetter, M. and Bravina, L. and others",
      title          = "{Microscopic models for ultrarelativistic heavy ion
                        collisions}",
      journal        = "Prog.Part.Nucl.Phys.",
      volume         = "41",
      pages          = "255-369",
      doi            = "10.1016/S0146-6410(98)00058-1",
      year           = "1998",
      eprint         = "nucl-th/9803035",
      archivePrefix  = "arXiv",
      primaryClass   = "nucl-th",
      SLACcitation   = "%%CITATION = NUCL-TH/9803035;%%",
}

@article{Bleicher:1999xi,
      author         = "Bleicher, M. and Zabrodin, E. and Spieles, C. and Bass,
                        S.A. and Ernst, C. and others",
      title          = "{Relativistic hadron hadron collisions in the
                        ultrarelativistic quantum molecular dynamics model}",
      journal        = "J.Phys.",
      volume         = "G25",
      pages          = "1859-1896",
      doi            = "10.1088/0954-3899/25/9/308",
      year           = "1999",
      eprint         = "hep-ph/9909407",
      archivePrefix  = "arXiv",
      primaryClass   = "hep-ph",
      SLACcitation   = "%%CITATION = HEP-PH/9909407;%%",
}

@article{Shen:2014vra,
      author         = "Shen, Chun and Qiu, Zhi and Song, Huichao and Bernhard,
                        Jonah and Bass, Steffen and others",
      title          = "{The iEBE-VISHNU code package for relativistic heavy-ion
                        collisions}",
      year           = "2014",
      eprint         = "1409.8164",
      archivePrefix  = "arXiv",
      primaryClass   = "nucl-th",
      SLACcitation   = "%%CITATION = ARXIV:1409.8164;%%",
}

@article{Borghini:2000sa,
      author         = "Borghini, Nicolas and Dinh, Phuong Mai and Ollitrault,
                        Jean-Yves",
      title          = "{A New method for measuring azimuthal distributions in
                        nucleus-nucleus collisions}",
      journal        = "Phys.Rev.",
      volume         = "C63",
      pages          = "054906",
      doi            = "10.1103/PhysRevC.63.054906",
      year           = "2001",
      eprint         = "nucl-th/0007063",
      archivePrefix  = "arXiv",
      primaryClass   = "nucl-th",
      reportNumber   = "SACLAY-SPH-T-00-110",
      SLACcitation   = "%%CITATION = NUCL-TH/0007063;%%",
}

@article{Bilandzic:2010jr,
      author         = "Bilandzic, Ante and Snellings, Raimond and Voloshin,
                        Sergei",
      title          = "{Flow analysis with cumulants: Direct calculations}",
      journal        = "Phys.Rev.",
      volume         = "C83",
      pages          = "044913",
      doi            = "10.1103/PhysRevC.83.044913",
      year           = "2011",
      eprint         = "1010.0233",
      archivePrefix  = "arXiv",
      primaryClass   = "nucl-ex",
      SLACcitation   = "%%CITATION = ARXIV:1010.0233;%%",
}

@article{Abelev:2014mda,
      author         = "Abelev, Betty Bezverkhny and others",
      title          = "{Multiparticle azimuthal correlations in p -Pb and Pb-Pb
                        collisions at the CERN Large Hadron Collider}",
      collaboration  = "ALICE Collaboration",
      journal        = "Phys.Rev.",
      number         = "5",
      volume         = "C90",
      pages          = "054901",
      doi            = "10.1103/PhysRevC.90.054901",
      year           = "2014",
      eprint         = "1406.2474",
      archivePrefix  = "arXiv",
      primaryClass   = "nucl-ex",
      reportNumber   = "CERN-PH-EP-2014-105",
      SLACcitation   = "%%CITATION = ARXIV:1406.2474;%%",
}

@article{Higdon:2014tva,
      author         = "Higdon, Dave and McDonnell, Jordan D and Schunck, Nicolas
                        and Sarich, Jason and Wild, Stefan M",
      title          = "{A Bayesian Approach for Parameter Estimation and
                        Prediction using a Computationally Intensive Model}",
      year           = "2014",
      eprint         = "1407.3017",
      archivePrefix  = "arXiv",
      primaryClass   = "physics.data-an",
      SLACcitation   = "%%CITATION = ARXIV:1407.3017;%%",
}

@article{Shen:2011zc,
      author         = "Shen, Chun and Bass, Steffen A. and Hirano, Tetsufumi and
                        Huovinen, Pasi and Qiu, Zhi and others",
      title          = "{The QGP shear viscosity: Elusive goal or just around the
                        corner?}",
      journal        = "J.Phys.",
      volume         = "G38",
      pages          = "124045",
      doi            = "10.1088/0954-3899/38/12/124045",
      year           = "2011",
      eprint         = "1106.6350",
      archivePrefix  = "arXiv",
      primaryClass   = "nucl-th",
      SLACcitation   = "%%CITATION = ARXIV:1106.6350;%%",
}

@article{Song:2011hk,
      author         = "Song, Huichao and Bass, Steffen A. and Heinz, Ulrich and
                        Hirano, Tetsufumi and Shen, Chun",
      title          = "{Hadron spectra and elliptic flow for 200 A GeV Au+Au
                        collisions from viscous hydrodynamics coupled to a
                        Boltzmann cascade}",
      journal        = "Phys.Rev.",
      volume         = "C83",
      pages          = "054910",
      doi            = "10.1103/PhysRevC.83.054910, 10.1103/PhysRevC.86.059903",
      year           = "2011",
      eprint         = "1101.4638",
      archivePrefix  = "arXiv",
      primaryClass   = "nucl-th",
      SLACcitation   = "%%CITATION = ARXIV:1101.4638;%%",
}

@article{Heinz:2011kt,
      author         = "Heinz, Ulrich and Shen, Chun and Song, Huichao",
      title          = "{The viscosity of quark-gluon plasma at RHIC and the
                        LHC}",
      journal        = "AIP Conf.Proc.",
      volume         = "1441",
      pages          = "766-770",
      doi            = "10.1063/1.3700674",
      year           = "2012",
      eprint         = "1108.5323",
      archivePrefix  = "arXiv",
      primaryClass   = "nucl-th",
      SLACcitation   = "%%CITATION = ARXIV:1108.5323;%%",
}

@article{Qiu:2011hf,
      author         = "Qiu, Zhi and Shen, Chun and Heinz, Ulrich",
      title          = "{Hydrodynamic elliptic and triangular flow in Pb-Pb
                        collisions at $\sqrt{s}=2.76$ATeV}",
      journal        = "Phys.Lett.",
      volume         = "B707",
      pages          = "151-155",
      doi            = "10.1016/j.physletb.2011.12.041",
      year           = "2012",
      eprint         = "1110.3033",
      archivePrefix  = "arXiv",
      primaryClass   = "nucl-th",
      SLACcitation   = "%%CITATION = ARXIV:1110.3033;%%",
}

@article{Moreland:2014oya,
      author         = "Moreland, J. Scott and Bernhard, Jonah E. and Bass,
                        Steffen A.",
      title          = "{An effective model for entropy deposition in high-energy
                        pp, pA, and AA collisions}",
      year           = "2014",
      eprint         = "1412.4708",
      archivePrefix  = "arXiv",
      primaryClass   = "nucl-th",
      SLACcitation   = "%%CITATION = ARXIV:1412.4708;%%",
}

@misc{Shen:2013pc,
      author         = "Shen, Chun and Qiu, Zhi and Heinz, Ulrich",
      year           = "2013",
      howpublished   = "private communication",
}

@book{Rasmussen:2006gp,
      author         = "Rasmussen, Carl Edward and Williams, Christopher K. I.",
      title          = "Gaussian Processes for Machine Learning",
      publisher      = "MIT Press",
      year           = 2006,
      url            = "http://www.gaussianprocess.org/gpml",
}

@article{OHagan:2006ba,
      author         = "O’Hagan, Anthony",
      title          = "{Bayesian analysis of computer code outputs: a tutorial}",
      journal        = "Rel.Engin.Sys.Safety",
      volume         = "91",
      number         = "10–11",
      pages          = "1290-1300",
      year           = "2006",
      doi            = "10.1016/j.ress.2005.11.025",
}

@article{Morris:1995lh,
      author         = "Morris, Max D. and Mitchell, Toby J.",
      title          = "{Exploratory designs for computational experiments}",
      journal        = "J.Stat.Plan.Inf.",
      volume         = "43",
      number         = "3",
      pages          = "381-402",
      year           = "1995",
      doi            = "10.1016/0378-3758(94)00035-T",
}

@article{Higdon:2008cmc,
      author         = "Higdon, Dave and Gattiker, James and Williams, Brian
                        and Rightley, Maria",
      title          = "{Computer model calibration using high-dimensional output}",
      journal        = "J.Amer.Stat.Assoc.",
      volume         = "103",
      number         = "482",
      year           = "2008",
}

@article{Loeppky:2009ss,
      author         = "Loeppky, Jason L. and Sacks, Jerome and Welch, William J.",
      title          = "{Choosing the Sample Size of a Computer Experiment:
                        A Practical Guide}",
      journal        = "Technometrics",
      volume         = "51",
      number         = "4",
      pages          = "366-376",
      year           = "2009",
      doi            = "10.1198/TECH.2009.08040",
}

@article{Pordes:2007zzb,
      author         = "Pordes, Ruth and Kramer, Bill and Olson, Doug and Livny,
                        Miron and Roy, Alain and others",
      title          = "{The Open Science Grid}",
      journal        = "J.Phys.Conf.Ser.",
      volume         = "78",
      pages          = "012057",
      doi            = "10.1088/1742-6596/78/1/012057",
      year           = "2007",
      reportNumber   = "FERMILAB-CONF-07-217-CD",
      SLACcitation   = "%%CITATION = 00462,78,012057;%%",
}

@article{Sfiligoi:2010zz,
      author         = "Sfiligoi, Igor and Bradley, Daniel C. and Holzman, Burt
                        and Mhashilkar, Parag and Padhi, Sanjay and others",
      title          = "{The pilot way to Grid resources using glideinWMS}",
      journal        = "WRI World Congress",
      volume         = "2",
      pages          = "428-432",
      doi            = "10.1109/CSIE.2009.950",
      year           = "2009",
      reportNumber   = "FERMILAB-CONF-09-373-CD",
      SLACcitation   = "%%CITATION = FERMILAB-CONF-09-373-CD ETC.;%%",
}

@misc{Bernhard:2015mtd,
      howpublished   = "\url{https://github.com/jbernhard/ebe-osg}, \\
                        \url{https://github.com/jbernhard/mtd}, \\
                        \url{https://github.com/jbernhard/mtd-paper}",
}

@article{FM:2013mc,
      author         = {{Foreman-Mackey}, D. and {Hogg}, D.~W. and {Lang}, D. and {Goodman}, J.},
      title          = {emcee: The MCMC Hammer},
      journal        = {PASP},
      year           = 2013,
      volume         = 125,
      pages          = {306--312},
      eprint         = "1202.3665",
      archivePrefix  = "arXiv",
      primaryClass   = "astro-ph.IM",
      doi            = {10.1086/670067},
}

@article{Goodman:2010en,
      title          = {Ensemble samplers with affine invariance},
      author         = {Goodman, Jonathan and Weare, Jonathan},
      journal        = {Comm.App.Math.Comp.Sc.},
      volume         = {5},
      number         = {1},
      pages          = {65--80},
      year           = {2010},
      doi            = "10.2140/camcos.2010.5.65",
}

@article{Ambikasaran:2014gp,
      author         = {{Ambikasaran}, S. and {Foreman-Mackey}, D. and
                        {Greengard}, L. and {Hogg}, D.~W. and {O'Neil}, M.},
      title          = "{Fast Direct Methods for Gaussian Processes and the Analysis
                        of NASA Kepler Mission Data}",
      year           = 2014,
      eprint         = "1403.6015",
      archivePrefix  = "arXiv",
      primaryClass   = "math.NA",
}

@article{Tange:2011pa,
      title          = {GNU Parallel - The Command-Line Power Tool},
      author         = {Tange, Ole},
      address        = {Frederiksberg, Denmark},
      journal        = {;login:},
      month          = {Feb},
      number         = {1},
      volume         = {36},
      url            = {http://www.gnu.org/s/parallel},
      year           = {2011},
      pages          = {42--47},
}
