@article{alice-cumulants,
  author         = "Abelev, Betty Bezverkhny and others",
  title          = "{Multiparticle azimuthal correlations in p -Pb and Pb-Pb
                     collisions at the CERN Large Hadron Collider}",
  collaboration  = "ALICE Collaboration",
  journal        = "Phys.Rev.",
  number         = "5",
  volume         = "C90",
  pages          = "054901",
  doi            = "10.1103/PhysRevC.90.054901",
  year           = "2014",
  eprint         = "1406.2474",
  archivePrefix  = "arXiv",
  primaryClass   = "nucl-ex",
  reportNumber   = "CERN-PH-EP-2014-105",
  SLACcitation   = "%%CITATION = ARXIV:1406.2474;%%",
}
